<?xml version="1.0" encoding="UTF-8"?><collection xmlns="http://www.loc.gov/MARC21/slim"><record><leader>00642nam--2200205-i-4500</leader><controlfield tag="001">000011113</controlfield><controlfield tag="002">20161230</controlfield><controlfield tag="005">20161230201029</controlfield><controlfield tag="008">060222s1000------------r-----000-0-rum-d</controlfield><datafield ind1=" " ind2=" " tag="040"><subfield code="a">IFIN-HH</subfield></datafield><datafield ind1=" " ind2=" " tag="041"><subfield code="a">rum</subfield></datafield><datafield ind1=" " ind2=" " tag="080"><subfield code="a">539.1:621.039.8</subfield></datafield><datafield ind1="1" ind2=" " tag="100"><subfield code="a">Seaborg, Glenn T</subfield></datafield><datafield ind1=" " ind2=" " tag="245"><subfield code="a">Omul si atomul</subfield><subfield code="b">Construirea unei lumi noi prin tehnologie nucleara</subfield><subfield code="c">Glen t. seaborg, william r. corliss</subfield></datafield><datafield ind1=" " ind2=" " tag="260"><subfield code="a">Bucuresti</subfield><subfield code="b">Editura Stiintifica</subfield><subfield code="c">1974</subfield></datafield><datafield ind1=" " ind2=" " tag="300"><subfield code="a">413 P</subfield></datafield><datafield ind1=" " ind2=" " tag="500"><subfield code="a">Coordonarea Si Controlul Stiintific: Mircea Cristu Si Valentin Ceausescu</subfield></datafield><datafield ind1="1" ind2=" " tag="700"><subfield code="a">Corliss, William R</subfield></datafield><datafield ind1=" " ind2=" " tag="852"><subfield code="a">41239</subfield><subfield code="c">539</subfield></datafield><datafield ind1=" " ind2=" " tag="CAT"><subfield code="a">Sys</subfield><subfield code="c">20111010</subfield><subfield code="h">161851</subfield></datafield></record></collection>